<?xml version="1.0" encoding="UTF-8"?><collection xmlns="http://www.loc.gov/MARC21/slim"><record><leader>00562nam--2200205-i-4500</leader><controlfield tag="001">000024763</controlfield><controlfield tag="002">20161230</controlfield><controlfield tag="005">20161230201035</controlfield><controlfield tag="008">060222s1000------------r-----000-0-ger-d</controlfield><datafield ind1=" " ind2=" " tag="020"><subfield code="a">3498028626</subfield></datafield><datafield ind1=" " ind2=" " tag="040"><subfield code="a">IFIN-HH</subfield></datafield><datafield ind1=" " ind2=" " tag="041"><subfield code="a">ger</subfield></datafield><datafield ind1=" " ind2=" " tag="080"><subfield code="a">539.1</subfield></datafield><datafield ind1="1" ind2=" " tag="100"><subfield code="a">Hofling, Oskar</subfield></datafield><datafield ind1="1" ind2="0" tag="245"><subfield code="a">Die welt der kleinsten reilchen</subfield><subfield code="b">Vorstoss zur struktur der materie</subfield><subfield code="c">Oskar hofling, pedro waloschek</subfield></datafield><datafield ind1=" " ind2=" " tag="260"><subfield code="a">Hamburg</subfield><subfield code="b">Rowohlt, Verlag Gmbh</subfield><subfield code="c">1984</subfield></datafield><datafield ind1=" " ind2=" " tag="300"><subfield code="a">510P</subfield></datafield><datafield ind1="1" ind2=" " tag="700"><subfield code="a">Waloschek, Pedro</subfield></datafield><datafield ind1=" " ind2=" " tag="852"><subfield code="a">78890</subfield><subfield code="c">539.12</subfield></datafield><datafield ind1=" " ind2=" " tag="CAT"><subfield code="a">Sys</subfield><subfield code="c">20120124</subfield><subfield code="h">145630</subfield></datafield></record></collection>